<record><leader>00000cas a22000007a 4500</leader><controlfield tag="001">12818407</controlfield><controlfield tag="008">851119d18841903wvuwr ne      0    0eng d</controlfield><controlfield tag="009">6116</controlfield><datafield ind1=" " ind2=" " tag="010"><subfield code="a">sn 85059681 </subfield></datafield><datafield ind1=" " ind2=" " tag="040"><subfield code="a">WVC</subfield><subfield code="b">eng</subfield><subfield code="c">WVC</subfield><subfield code="d">DLC</subfield><subfield code="d">OCL</subfield></datafield><datafield ind1="1" ind2=" " tag="029"><subfield code="a">AU@</subfield><subfield code="b">000025808662</subfield></datafield><datafield ind1=" " ind2=" " tag="042"><subfield code="a">msc</subfield></datafield><datafield ind1="0" ind2=" " tag="130"><subfield code="a">Hampshire review (Romney, W.Va. : 1884)</subfield></datafield><datafield ind1="0" ind2="4" tag="245"><subfield code="a">The Hampshire review.</subfield></datafield><datafield ind1=" " ind2=" " tag="260"><subfield code="a">Romney, W. Va. :</subfield><subfield code="b">The Review Company,</subfield><subfield code="c">1884-1903.</subfield></datafield><datafield ind1=" " ind2=" " tag="300"><subfield code="a">v.</subfield></datafield><datafield ind1=" " ind2=" " tag="310"><subfield code="a">Weekly</subfield></datafield><datafield ind1="0" ind2=" " tag="362"><subfield code="a">Vol. 1, no. 1 (May 22, 1884)-v. 19, no. 35 (Mar. 25, 1903).</subfield></datafield><datafield ind1=" " ind2=" " tag="500"><subfield code="a">Editor: C.F. Poland.</subfield></datafield><datafield ind1=" " ind2=" " tag="752"><subfield code="a">United States</subfield><subfield code="b">West Virginia</subfield><subfield code="c">Hampshire</subfield><subfield code="d">Romney.</subfield></datafield><datafield ind1="0" ind2="0" tag="785"><subfield code="t">Review (Romney, W.Va.)</subfield><subfield code="w">(DLC)sn 85059680</subfield></datafield></record>